@web_page{wiki:solid,
   title = {SOLID - Wikipedia},
   url = {https://en.wikipedia.org/wiki/SOLID},
}
